<record><leader>00000cas a22000007a 4500</leader><controlfield tag="001">21022762</controlfield><controlfield tag="008">900208d19uu19uucouwr ne      0    0eng d</controlfield><datafield ind1=" " ind2=" " tag="010"><subfield code="a">sn 90051041 </subfield></datafield><datafield ind1=" " ind2=" " tag="040"><subfield code="a">CNQ</subfield><subfield code="b">eng</subfield><subfield code="c">CNQ</subfield><subfield code="d">OCLCQ</subfield></datafield><datafield ind1=" " ind2=" " tag="042"><subfield code="a">msc</subfield></datafield><datafield ind1="0" ind2="4" tag="245"><subfield code="a">The Routt County sentinel.</subfield></datafield><datafield ind1=" " ind2=" " tag="260"><subfield code="a">Steamboat Springs, Colo. :</subfield><subfield code="b">H.C. Wood</subfield></datafield><datafield ind1=" " ind2=" " tag="300"><subfield code="a">v.</subfield></datafield><datafield ind1=" " ind2=" " tag="310"><subfield code="a">Weekly</subfield></datafield><datafield ind1=" " ind2=" " tag="530"><subfield code="a">Available on microfilm from the Colorado Historical Society.</subfield></datafield><datafield ind1=" " ind2=" " tag="588"><subfield code="a">Description based on: Vol. 16, no. 43 (July 20, 1917).</subfield></datafield><datafield ind1=" " ind2=" " tag="752"><subfield code="a">United States</subfield><subfield code="b">Colorado</subfield><subfield code="c">Routt</subfield><subfield code="d">Steamboat Springs.</subfield></datafield><datafield ind1="0" ind2="7" tag="785"><subfield code="t">Steamboat pilot (Steamboat Springs, Colo. : 1885)</subfield><subfield code="w">(DLC)sn 90051059</subfield></datafield><datafield ind1="0" ind2="7" tag="785"><subfield code="t">Steamboat pilot and the Routt County sentinel</subfield><subfield code="w">(DLC)sn 90051058</subfield></datafield></record>